{"btc_usd":[{"type":"ask","price":21600,"amount":0.00486173,"tid":205312085,"timestamp":1657960451},{"type":"ask","price":21600,"amount":0.01461318,"tid":205312084,"timestamp":1657960433},{"type":"ask","price":21600,"amount":0.00048529,"tid":205312083,"timestamp":1657960353},{"type":"ask","price":21600,"amount":0.00030336,"tid":205312082,"timestamp":1657959574},{"type":"ask","price":21600,"amount":0.00043588,"tid":205312081,"timestamp":1657959568},{"type":"ask","price":21600,"amount":0.00043588,"tid":205312080,"timestamp":1657959565},{"type":"ask","price":21600,"amount":0.00043588,"tid":205312079,"timestamp":1657959559},{"type":"ask","price":21600,"amount":0.00030049,"tid":205312078,"timestamp":1657959555},{"type":"ask","price":21600,"amount":0.00485388,"tid":205312077,"timestamp":1657959522},{"type":"ask","price":21600,"amount":0.00023762,"tid":205312076,"timestamp":1657959483},{"type":"ask","price":21600,"amount":0.00063027,"tid":205312075,"timestamp":1657959480},{"type":"ask","price":21600,"amount":0.00016152,"tid":205312074,"timestamp":1657959474},{"type":"ask","price":21600,"amount":0.00026769,"tid":205312073,"timestamp":1657959462},{"type":"ask","price":21600,"amount":0.00029,"tid":205312072,"timestamp":1657959254},{"type":"ask","price":21600,"amount":0.00493517,"tid":205312071,"timestamp":1657959210},{"type":"ask","price":21600,"amount":0.00016152,"tid":205312070,"timestamp":1657959155},{"type":"ask","price":21600,"amount":0.00461307,"tid":205312069,"timestamp":1657959154},{"type":"ask","price":21600,"amount":0.00971481,"tid":205312068,"timestamp":1657959099},{"type":"ask","price":21600,"amount":0.00088009,"tid":205312067,"timestamp":1657958398},{"type":"ask","price":21600,"amount":0.00019999,"tid":205312066,"timestamp":1657958370},{"type":"ask","price":21664.80000001,"amount":0.00138579,"tid":205312065,"timestamp":1657958366},{"type":"ask","price":21600,"amount":0.00133343,"tid":205312064,"timestamp":1657958348},{"type":"ask","price":21600,"amount":0.04870705,"tid":205312063,"timestamp":1657958203},{"type":"ask","price":21600,"amount":0.00485421,"tid":205312062,"timestamp":1657958118},{"type":"ask","price":21600,"amount":0.00328247,"tid":205312061,"timestamp":1657957869},{"type":"ask","price":21600,"amount":0.00016156,"tid":205312060,"timestamp":1657957835},{"type":"ask","price":21600,"amount":0.00062251,"tid":205312059,"timestamp":1657957702},{"type":"ask","price":21600.00189,"amount":0.0002,"tid":205312058,"timestamp":1657957665},{"type":"ask","price":21600.00188,"amount":0.00016,"tid":205312057,"timestamp":1657957663},{"type":"ask","price":21600.00188,"amount":0.00016156,"tid":205312056,"timestamp":1657957663},{"type":"ask","price":21600.00182,"amount":0.00485496,"tid":205312055,"timestamp":1657957626},{"type":"ask","price":21600.00072,"amount":0.00069558,"tid":205312054,"timestamp":1657956942},{"type":"ask","price":21600.00046,"amount":0.00015382,"tid":205312053,"timestamp":1657956768},{"type":"ask","price":21600.00045,"amount":0.00016125,"tid":205312052,"timestamp":1657956755},{"type":"ask","price":21600.00044,"amount":0.00030207,"tid":205312051,"timestamp":1657956752},{"type":"ask","price":21600.00019,"amount":0.00485659,"tid":205312050,"timestamp":1657956619},{"type":"ask","price":21600,"amount":0.00105811,"tid":205312049,"timestamp":1657956512},{"type":"ask","price":21600,"amount":0.00028301,"tid":205312048,"timestamp":1657956448},{"type":"ask","price":21600,"amount":0.00023199,"tid":205312047,"timestamp":1657956185},{"type":"ask","price":21600,"amount":0.00024453,"tid":205312046,"timestamp":1657956159},{"type":"ask","price":21600,"amount":0.00012615,"tid":205312045,"timestamp":1657956132},{"type":"ask","price":21600,"amount":0.01223773,"tid":205312044,"timestamp":1657955874},{"type":"ask","price":21600,"amount":0.00458766,"tid":205312043,"timestamp":1657955789},{"type":"ask","price":21600,"amount":0.00048671,"tid":205312042,"timestamp":1657955582},{"type":"ask","price":21600,"amount":0.00221894,"tid":205312041,"timestamp":1657955577},{"type":"ask","price":21600,"amount":0.00485657,"tid":205312040,"timestamp":1657955239},{"type":"ask","price":21600,"amount":0.00019889,"tid":205312039,"timestamp":1657955017},{"type":"ask","price":21600,"amount":0.00816408,"tid":205312038,"timestamp":1657954819},{"type":"ask","price":21600,"amount":0.0048554,"tid":205312037,"timestamp":1657954793},{"type":"ask","price":21600,"amount":0.00120116,"tid":205312036,"timestamp":1657954738},{"type":"ask","price":21600,"amount":0.00394059,"tid":205312035,"timestamp":1657954734},{"type":"ask","price":21600,"amount":0.00485845,"tid":205312034,"timestamp":1657954723},{"type":"ask","price":21600,"amount":0.00486364,"tid":205312033,"timestamp":1657954691},{"type":"ask","price":21600,"amount":0.00486884,"tid":205312032,"timestamp":1657954676},{"type":"ask","price":21600,"amount":0.00484625,"tid":205312031,"timestamp":1657954260},{"type":"ask","price":21600,"amount":0.00484717,"tid":205312030,"timestamp":1657954232},{"type":"ask","price":21600,"amount":0.00484834,"tid":205312029,"timestamp":1657954186},{"type":"ask","price":21600,"amount":0.00010193,"tid":205312028,"timestamp":1657953883},{"type":"ask","price":21600,"amount":0.00016111,"tid":205312027,"timestamp":1657953768},{"type":"ask","price":21600,"amount":0.00016111,"tid":205312026,"timestamp":1657953760},{"type":"ask","price":21600,"amount":0.00029005,"tid":205312025,"timestamp":1657953759},{"type":"ask","price":21600,"amount":0.00016111,"tid":205312024,"timestamp":1657953720},{"type":"ask","price":21600,"amount":0.00038673,"tid":205312023,"timestamp":1657953718},{"type":"ask","price":21600,"amount":0.00072003,"tid":205312022,"timestamp":1657953712},{"type":"ask","price":21600,"amount":0.00072,"tid":205312021,"timestamp":1657953706},{"type":"ask","price":21600,"amount":0.00071999,"tid":205312020,"timestamp":1657953700},{"type":"ask","price":21600,"amount":0.00071999,"tid":205312019,"timestamp":1657953694},{"type":"bid","price":21599.99999999,"amount":0.00017045,"tid":205312018,"timestamp":1657953693},{"type":"bid","price":21500.40000001,"amount":0.00014269,"tid":205312017,"timestamp":1657953693},{"type":"bid","price":21500,"amount":0.00010205,"tid":205312016,"timestamp":1657953693},{"type":"bid","price":21499.99999997,"amount":0.00051746,"tid":205312015,"timestamp":1657953591},{"type":"ask","price":21485.99989985,"amount":0.00067251,"tid":205312014,"timestamp":1657953557},{"type":"ask","price":21485.99989985,"amount":0.0015,"tid":205312013,"timestamp":1657953492},{"type":"ask","price":21485.99989985,"amount":0.02043067,"tid":205312012,"timestamp":1657953464},{"type":"bid","price":21466.1,"amount":0.00178667,"tid":205312011,"timestamp":1657953463},{"type":"bid","price":21466.09999999,"amount":0.00015301,"tid":205312010,"timestamp":1657953463},{"type":"bid","price":21466.09901863,"amount":0.00015301,"tid":205312009,"timestamp":1657953463},{"type":"bid","price":21465.9,"amount":0.0015,"tid":205312008,"timestamp":1657953463},{"type":"bid","price":21465.89999,"amount":0.02092604,"tid":205312007,"timestamp":1657953463},{"type":"bid","price":21465.89998,"amount":0.0129121,"tid":205312006,"timestamp":1657953463},{"type":"bid","price":21465.89989985,"amount":0.00115562,"tid":205312005,"timestamp":1657953463},{"type":"bid","price":21300,"amount":0.00001126,"tid":205312004,"timestamp":1657953353},{"type":"bid","price":21300,"amount":0.0018682,"tid":205312003,"timestamp":1657952608},{"type":"bid","price":21300,"amount":0.00024307,"tid":205312002,"timestamp":1657952507},{"type":"bid","price":21300,"amount":0.00043753,"tid":205312001,"timestamp":1657952463},{"type":"bid","price":21300,"amount":0.00043753,"tid":205312000,"timestamp":1657952333},{"type":"bid","price":21300,"amount":0.00029177,"tid":205311999,"timestamp":1657951292},{"type":"bid","price":21300,"amount":0.00010174,"tid":205311998,"timestamp":1657951267},{"type":"bid","price":21353.9,"amount":0.00043643,"tid":205311997,"timestamp":1657951259},{"type":"bid","price":21354,"amount":0.0003449,"tid":205311996,"timestamp":1657951215},{"type":"ask","price":21230.03095158,"amount":0.01322229,"tid":205311995,"timestamp":1657951203},{"type":"ask","price":21296.111665,"amount":0.00010022,"tid":205311994,"timestamp":1657951203},{"type":"ask","price":21333.47500001,"amount":0.00063653,"tid":205311993,"timestamp":1657950934},{"type":"ask","price":21360.00000001,"amount":0.00063575,"tid":205311992,"timestamp":1657950934},{"type":"bid","price":21466.09985,"amount":0.00011739,"tid":205311991,"timestamp":1657949585},{"type":"bid","price":21466.09986,"amount":0.00075481,"tid":205311990,"timestamp":1657949581},{"type":"bid","price":21466.1,"amount":0.00044908,"tid":205311989,"timestamp":1657947694},{"type":"ask","price":21322.00036015,"amount":0.00007845,"tid":205311988,"timestamp":1657942149},{"type":"ask","price":21322.1,"amount":0.00018992,"tid":205311987,"timestamp":1657942149},{"type":"ask","price":21310.3,"amount":0.00098311,"tid":205311986,"timestamp":1657937826},{"type":"ask","price":21315,"amount":0.0001208,"tid":205311985,"timestamp":1657937826},{"type":"ask","price":21344,"amount":0.00103219,"tid":205311984,"timestamp":1657937720},{"type":"ask","price":21310.3,"amount":0.0014,"tid":205311983,"timestamp":1657937617},{"type":"ask","price":21330,"amount":0.0001,"tid":205311982,"timestamp":1657937617},{"type":"ask","price":21380,"amount":0.00104553,"tid":205311981,"timestamp":1657937512},{"type":"ask","price":21328.1,"amount":0.0015,"tid":205311980,"timestamp":1657937208},{"type":"ask","price":21327,"amount":0.00108133,"tid":205311979,"timestamp":1657937106},{"type":"ask","price":21327,"amount":0.00108352,"tid":205311978,"timestamp":1657937002},{"type":"ask","price":21330,"amount":0.00121468,"tid":205311977,"timestamp":1657936899},{"type":"ask","price":21340,"amount":0.00104614,"tid":205311976,"timestamp":1657936795},{"type":"ask","price":21345,"amount":0.00015997,"tid":205311975,"timestamp":1657936795},{"type":"ask","price":21339.89,"amount":0.00121742,"tid":205311974,"timestamp":1657936689},{"type":"ask","price":21339.89,"amount":0.00120591,"tid":205311973,"timestamp":1657936583},{"type":"ask","price":21339.9,"amount":0.00122769,"tid":205311972,"timestamp":1657936479},{"type":"ask","price":21339.89,"amount":0.001096,"tid":205311971,"timestamp":1657936376},{"type":"ask","price":21340.67,"amount":0.00011,"tid":205311970,"timestamp":1657936376},{"type":"ask","price":21340.67,"amount":0.00121144,"tid":205311969,"timestamp":1657936272},{"type":"ask","price":21340.71,"amount":0.00120337,"tid":205311968,"timestamp":1657936171},{"type":"ask","price":21340.97,"amount":0.0012027,"tid":205311967,"timestamp":1657936066},{"type":"ask","price":21340.99,"amount":0.00120714,"tid":205311966,"timestamp":1657935963},{"type":"ask","price":21340,"amount":0.0012232,"tid":205311965,"timestamp":1657935757},{"type":"bid","price":21499.99649516,"amount":0.00722787,"tid":205311964,"timestamp":1657935594},{"type":"bid","price":21499.99703591,"amount":0.00041113,"tid":205311963,"timestamp":1657935561},{"type":"ask","price":21350,"amount":0.00128014,"tid":205311962,"timestamp":1657935548},{"type":"ask","price":21310.20001,"amount":0.02146989,"tid":205311961,"timestamp":1657935340},{"type":"ask","price":21310.20001,"amount":0.02153937,"tid":205311960,"timestamp":1657935340},{"type":"ask","price":21300,"amount":0.00127204,"tid":205311959,"timestamp":1657934533},{"type":"ask","price":21295,"amount":0.001261,"tid":205311958,"timestamp":1657934429},{"type":"ask","price":21280.00010016,"amount":0.00138207,"tid":205311957,"timestamp":1657933916},{"type":"ask","price":21280.00000001,"amount":0.00126695,"tid":205311956,"timestamp":1657933806},{"type":"ask","price":21255.00040064,"amount":0.00126843,"tid":205311955,"timestamp":1657933701},{"type":"bid","price":21500,"amount":0.00014393,"tid":205311954,"timestamp":1657925183},{"type":"bid","price":21500,"amount":0.00012285,"tid":205311953,"timestamp":1657923844},{"type":"bid","price":21500,"amount":0.00012544,"tid":205311952,"timestamp":1657923810},{"type":"bid","price":21500,"amount":0.00012809,"tid":205311951,"timestamp":1657923783},{"type":"bid","price":21500,"amount":0.00013079,"tid":205311950,"timestamp":1657923753},{"type":"bid","price":21500,"amount":0.00013355,"tid":205311949,"timestamp":1657923708},{"type":"ask","price":21304.6004406,"amount":0.00032172,"tid":205311948,"timestamp":1657923235},{"type":"bid","price":21500,"amount":0.00881956,"tid":205311947,"timestamp":1657921960},{"type":"bid","price":21500,"amount":0.00018604,"tid":205311946,"timestamp":1657919700},{"type":"bid","price":21500,"amount":0.00023255,"tid":205311945,"timestamp":1657919328},{"type":"bid","price":21499.99999999,"amount":0.00023255,"tid":205311944,"timestamp":1657919277},{"type":"bid","price":21499.99999999,"amount":0.00023255,"tid":205311943,"timestamp":1657919214},{"type":"bid","price":21499.99999999,"amount":0.00023255,"tid":205311942,"timestamp":1657919143},{"type":"bid","price":21500,"amount":0.0054275,"tid":205311941,"timestamp":1657918362},{"type":"bid","price":21500,"amount":0.00033585,"tid":205311940,"timestamp":1657918227},{"type":"bid","price":21499.99999,"amount":0.00023989,"tid":205311939,"timestamp":1657917405},{"type":"bid","price":21499.99999,"amount":0.00035716,"tid":205311938,"timestamp":1657917288},{"type":"bid","price":21499.99999,"amount":0.00012021,"tid":205311937,"timestamp":1657916775},{"type":"bid","price":21499.99999,"amount":0.00012045,"tid":205311936,"timestamp":1657916771}]}